@book{pl,
  title        = "Priceless: On Knowing the Price of Everything and the Value of Nothing",
  author       = "Lisa Heinzerling and Frank Ackermann",
  year = 2011,
}

@book{bop,
  title   	   = "Balancing on a Planet",
  author       = "David Cleveland",
  year       = "2014",
}

@article{ferrara,
  title= "Games for Persuasion: Argumentation, Procedurality, and the Lie of Gamification",
  author="John Ferrara",
  journal = "Games and Culture",
  volume = 8,
  issue = 4,
  pages = "289--304",
  year=2013
}
